%% This BibTeX bibliography file was created using BibDesk.
%% http://bibdesk.sourceforge.net/

%% Created for aman at 2019-04-03 13:54:09 +0100 


%% Saved with string encoding Unicode (UTF-8) 



@book{Roblyer2013,
	Author = {M. D. Roblyer and Aaron H. Doering},
	Date = {2013/08/27},
	Date-Added = {2019-02-13 21:01:01 +0000},
	Date-Modified = {2019-02-13 21:06:20 +0000},
	Id = {DAWSONERA-9781292035291},
	Isbn = {9781292035291},
	Keywords = {Computer-assisted instruction.},
	Month = {08},
	Publisher = {Pearson Education},
	St = {Integrating Educational Technology into Teaching: Pearson New International Edition},
	Title = {Integrating Educational Technology into Teaching: Pearson New International Edition:},
	Ty = {BOOK},
	Url = {https://www.dawsonera.com:443/abstract/9781292035291},
	Year = {2013},
}

@article{AtsusiHirumi2010,
	Author = {Atsusi Hirumi and Bob Appelman and Lloyd Rieber and Richard Van Eck},
	Date-Added = {2019-02-13 20:53:37 +0000},
	Date-Modified = {2019-02-13 20:54:45 +0000},
	Journal = {TechTrends},
	Month = {05},
	Number = {3},
	Pages = {27-37},
	Title = {Preparing Instructional Designers for Game-Based Learning: Part 1},
	Volume = {54},
	Year = {2010}}

@techreport{Hays2005,
	Author = {Robert T. Hays},
	Date-Added = {2019-02-13 20:11:13 +0000},
	Date-Modified = {2019-02-13 20:15:06 +0000},
	Institution = {NAVAL AIR WARFARE CENTER TRAINING SYSTEMS DIV ORLANDO FL},
	Month = {11},
	Pages = {63},
	Title = {The Effectiveness of Instructional Games: A Literature Review and Discussion},
	Year = {2005}}

@article{Driskell2002,
	Author = {Rosemary Garris and Robert Ahlers and James E. Driskell},
	Date-Added = {2019-02-13 15:17:06 +0000},
	Date-Modified = {2019-02-13 15:17:19 +0000},
	Doi = {10.1177/1046878102238607},
	Eprint = {https://doi.org/10.1177/1046878102238607},
	Journal = {Simulation \& Gaming},
	Number = {4},
	Pages = {441-467},
	Title = {Games, Motivation, and Learning: A Research and Practice Model},
	Url = {https://doi.org/10.1177/1046878102238607},
	Volume = {33},
	Year = {2002},
	Bdsk-Url-1 = {https://doi.org/10.1177/1046878102238607}}

@article{cite-key,
	Date-Added = {2019-02-12 16:53:51 +0000},
	Date-Modified = {2019-02-12 16:53:51 +0000}}

@techreport{Johann2015,
	Author = {Susi, Tarja and Johannesson, Mikael and Backlund, Per},
	Institution = {University of Sk{\"o}vde, School of Humanities and Informatics},
	Number = {HS-IKI-TR-07-001},
	Pages = {28},
	Publisher = {Institutionen f{\"o}r kommunikation och information},
	Series = {IKI Technical Reports},
	Title = {Serious Games : An Overview},
	Year = {2007}}

@article{Garris2002,
	Author = {Garris, Rosemary and Ahlers, Robert and Driskell, James E.},
	Doi = {10.1177/1046878102238607},
	Eprint = {https://doi.org/10.1177/1046878102238607},
	Journal = {Simulation \& Gaming},
	Number = {4},
	Pages = {441-467},
	Title = {Games, Motivation, and Learning: A Research and Practice Model},
	Url = {https://doi.org/10.1177/1046878102238607},
	Volume = {33},
	Year = {2002},
	Bdsk-Url-1 = {https://doi.org/10.1177/1046878102238607}}

@article{Prensky2001,
	Author = {Prensky, Marc},
	Doi = {10.1108/10748120110424816},
	Journal = {On the Horizon},
	Month = {09},
	Pages = {1-6},
	Title = {Digital Natives, Digital Immigrants Part 1},
	Volume = {9},
	Year = {2001},
	Bdsk-Url-1 = {https://doi.org/10.1108/10748120110424816}}

@article{Girard2013,
	Author = {Girard, C. and Ecalle, J. and Magnan, A.},
	Doi = {10.1111/j.1365-2729.2012.00489.x},
	Eprint = {https://onlinelibrary.wiley.com/doi/pdf/10.1111/j.1365-2729.2012.00489.x},
	Journal = {Journal of Computer Assisted Learning},
	Keywords = {engagement, learning effect, serious game, video games},
	Number = {3},
	Pages = {207-219},
	Title = {Serious games as new educational tools: how effective are they? A meta-analysis of recent studies},
	Url = {https://onlinelibrary.wiley.com/doi/abs/10.1111/j.1365-2729.2012.00489.x},
	Volume = {29},
	Year = {2013},
	Bdsk-Url-1 = {https://onlinelibrary.wiley.com/doi/abs/10.1111/j.1365-2729.2012.00489.x},
	Bdsk-Url-2 = {https://doi.org/10.1111/j.1365-2729.2012.00489.x}}

@article{Pieter2013,
	Author = {Wouters, Pieter and van Nimwegen, Christof and van Oostendorp, Herre and van der Spek, Erik D.},
	Doi = {10.1037/a0031311},
	Journal = {Journal of Educational Psychology},
	Keywords = {Games, Learning, Motivation, Teaching Methods, Cognitive Processes, Meta Analysis},
	Number = {2},
	Pages = {249-265},
	Title = {A meta-analysis of the cognitive and motivational effects of serious games.},
	Volume = {105},
	Year = {2013},
	Bdsk-Url-1 = {https://doi.org/10.1037/a0031311}}

@book{Koster2004,
	Author = {Koster, Raph and Wright, Will},
	Isbn = {1932111972},
	Publisher = {Paraglyph Press},
	Title = {A Theory of Fun for Game Design},
	Year = {2004}}

@misc{thefirstvideogame,
	Howpublished = {\url{https://www.bnl.gov/about/history/firstvideo.php}},
	Note = {Accessed: 2018-12-06},
	Title = {The First Video Game?}}

@misc{TennisForTwo,
	Howpublished = {\url{https://www.sunysb.edu/libspecial/videogames/tennis.html}},
	Note = {Accessed: 2019-03-21},
	Title = {Tennis for Two}}

@misc{Statista,
	Howpublished = {\url{https://www.statista.com/statistics/748044/number-video-gamers-world}},
	author = {AAStocks},
	Note = {Accessed: 2019-04-12},
	Year = {2016},
	Title = {Number of active video gamers worldwide from 2014 to 2021 (in millions)}}

@misc{Statistanewzoo,
	Howpublished = {\url{https://www.statista.com/statistics/722259/world-gamers-by-age-and-gender/}},
	author = {Newzoo},
	Note = {Accessed: 2019-04-12},
	Year = {2017},
	Title = {Distribution of video gamers worldwide in 2017, by age group and gender.}}

@misc{alliedmarketresearch,
	Howpublished = {\url{https://www.alliedmarketresearch.com/serious-games-market}},
	author = {AlliedMarketResearch},
	Note = {Accessed: 2019-04-04},
	Year = {2017},
	Title = {Serious Games Market}}

@article{vgamesResearch,
	Author = {Newzoo},
	Date-Modified = {2019-04-03 13:53:55 +0100},
	Lastchecked = {2019-03-21},
	Title = {2018 Global Games Market Report},
	Url = {https://resources.newzoo.com/hubfs/Reports/Newzoo_2018_Global_Games_Market_Report_Light.pdf?},
	Year = {2018}}

@proceedings{Barton1970,
	Publisher = {National Gaming Council. Envirometrics and Scientific Resources Corp},
	Title = {9th Symposium, April 17-19, 1970.}}

@inproceedings{MarketResearchPaper,
	Acmid = {3145416},
	Address = {New York, NY, USA},
	Articleno = {66},
	Author = {Jaramillo-Alc\'{a}zar, Angel and Luj\'{a}n-Mora, Sergio},
	Booktitle = {Proceedings of the 5th International Conference on Technological Ecosystems for Enhancing Multiculturality},
	Doi = {10.1145/3144826.3145416},
	Isbn = {978-1-4503-5386-1},
	Keywords = {Serious games, accessibility guidelines, low vision, mobile devices, visual impairment},
	Location = {C\{\'a}diz, Spain},
	Numpages = {6},
	Pages = {66:1--66:6},
	Publisher = {ACM},
	Series = {TEEM 2017},
	Title = {Mobile Serious Games: An Accessibility Assessment for People with Visual Impairments},
	Url = {http://doi.acm.org/10.1145/3144826.3145416},
	Year = {2017},
	Bdsk-Url-1 = {http://doi.acm.org/10.1145/3144826.3145416},
	Bdsk-Url-2 = {https://doi.org/10.1145/3144826.3145416}}

@article{Zyda2005,
	Author = {M. Zyda},
	Doi = {10.1109/MC.2005.297},
	Issn = {0018-9162},
	Journal = {Computer},
	Month = {Sept},
	Number = {9},
	Pages = {25-32},
	Title = {From visual simulation to virtual reality to games},
	Volume = {38},
	Year = {2005},
	Bdsk-Url-1 = {https://doi.org/10.1109/MC.2005.297}}

@article{Barnes2007,
	Acmid = {1268821},
	Address = {New York, NY, USA},
	Author = {Barnes, Tiffany and Richter, Heather and Powell, Eve and Chaffin, Amanda and Godwin, Alex},
	Doi = {10.1145/1269900.1268821},
	Issn = {0097-8418},
	Issue_Date = {September 2007},
	Journal = {SIGCSE Bull.},
	Keywords = {capstone courses, games, undergraduate research},
	Month = jun,
	Number = {3},
	Numpages = {5},
	Pages = {121--125},
	Publisher = {ACM},
	Title = {Game2Learn: Building CS1 Learning Games for Retention},
	Url = {http://doi.acm.org/10.1145/1269900.1268821},
	Volume = {39},
	Year = {2007},
	Bdsk-Url-1 = {http://doi.acm.org/10.1145/1269900.1268821},
	Bdsk-Url-2 = {https://doi.org/10.1145/1269900.1268821}}



@article{Lowood2009,
	Address = {Los Alamitos, CA :},
	Author = {Lowood, Henry},
	Issn = {1058-6180},
	Journal = {IEEE annals of the history of computing},
	Number = {3},
	Pages = {5--19},
	Publisher = {IEEE Computer Society},
	Title = {Videogames in Computer Space: The Complex History of Pong},
	Volume = {31},
	Year = {2009}}

@article{Dmitri2003,
	Address = {[London] :},
	Author = {Williams, Dmitri},
	Issn = {1369-118X},
	Journal = {Information, communication and society.},
	Number = {4},
	Pages = {523--550},
	Publisher = {Routledge},
	Title = {The Video Game Lightning Rod},
	Volume = {6},
	Year = {2003}}

@inproceedings{Cummings07,
	Author = {H Cummings, Alastair},
	Booktitle = {The 17th Annual University of Southampton Multimedia Systems Conference},
	Title = {The evolution of game controllers and control schemes and their effect on their games},
	Year = {2007}}

@inproceedings{vrhaptics,
	Address = {Berlin, Heidelberg},
	Author = {Stone, Robert J.},
	Booktitle = {Haptic Human-Computer Interaction},
	Editor = {Brewster, Stephen and Murray-Smith, Roderick},
	Isbn = {978-3-540-44589-0},
	Pages = {1--16},
	Publisher = {Springer Berlin Heidelberg},
	Title = {Haptic feedback: a brief history from telepresence to virtual reality},
	Year = {2001}}

@book{Michael2005,
	Author = {Michael, David R. and Chen, Sandra L.},
	Isbn = {1592006221},
	Publisher = {Muska \& Lipman/Premier-Trade},
	Title = {Serious Games: Games That Educate, Train, and Inform},
	Year = {2005}}

@article{abt1970,
	Author = {Abt, Clark C},
	Journal = {New York, NY: Viking},
	Title = {Serious games: The art and science of games that simulate life in industry, government and education},
	Year = {1970}}

@inproceedings{song2008,
	Address = {Berlin, Heidelberg},
	Author = {Song, Minzhu and Zhang, Sujing},
	Booktitle = {Technologies for E-Learning and Digital Entertainment},
	Editor = {Pan, Zhigeng and Zhang, Xiaopeng and El Rhalibi, Abdennour and Woo, Woontack and Li, Yi},
	Isbn = {978-3-540-69736-7},
	Pages = {509--517},
	Publisher = {Springer Berlin Heidelberg},
	Title = {EFM: A Model for Educational Game Design},
	Year = {2008}}

@inbook{Wilkinson2016,
	Address = {Cham},
	Author = {Wilkinson, Phil},
	Booktitle = {Entertainment Computing and Serious Games: International GI-Dagstuhl Seminar 15283, Dagstuhl Castle, Germany, July 5-10, 2015, Revised Selected Papers},
	Doi = {10.1007/978-3-319-46152-6_2},
	Editor = {D{\"o}rner, Ralf and G{\"o}bel, Stefan and Kickmeier-Rust, Michael and Masuch, Maic and Zweig, Katharina},
	Pages = {17--41},
	Publisher = {Springer International Publishing},
	Title = {A Brief History of Serious Games},
	Url = {https://doi.org/10.1007/978-3-319-46152-6_2},
	Year = {2016},
	Bdsk-Url-1 = {https://doi.org/10.1007/978-3-319-46152-6_2}}

@misc{Warren,
	Howpublished = {\url{https://dadgum.com/halcyon/BOOK/ROBINETT.HTM}},
	Note = {Accessed: 2019-03-24},
	Title = {Interview: Warren Robinett}}


@book{Mitgutsch,
	Address = {London :},
	Author = {Mitgutsch, Konstantin},
	Booktitle = {Serious Games and Edutainment Applications},
	Isbn = {1-4471-2160-0},
	Year = {2011},
	Pages = {45--60},
	Publisher = {Springer London,},
	Title = {Serious Learning in Serious Games}}

@article{neil2005,
	Author = {Harold F. O'Neil and Richard Wainess and Eva L. Baker},
	Doi = {10.1080/09585170500384529},
	Eprint = {https://doi.org/10.1080/09585170500384529},
	Journal = {The Curriculum Journal},
	Number = {4},
	Pages = {455-474},
	Publisher = {Routledge},
	Title = {Classification of learning outcomes: evidence from the computer games literature},
	Url = {https://doi.org/10.1080/09585170500384529},
	Volume = {16},
	Year = {2005},
	Bdsk-Url-1 = {https://doi.org/10.1080/09585170500384529}}

@article{clark2007,
	Author = {Richard E. Clark},
	Issn = {00131962},
	Journal = {Educational Technology},
	Number = {3},
	Pages = {56--59},
	Publisher = {Educational Technology Publications, Inc.},
	Title = {Learning from Serious Games? Arguments, Evidence, and Research Suggestions},
	Url = {http://www.jstor.org/stable/44429512},
	Volume = {47},
	Year = {2007},
	Bdsk-Url-1 = {http://www.jstor.org/stable/44429512}}

@inproceedings{Hertz2010,
	Author = {Hertz, Matthew},
	Doi = {10.1145/1734263.1734335},
	Journal = {SIGCSE'10 - Proceedings of the 41st ACM Technical Symposium on Computer Science Education},
	Month = {03},
	Pages = {199-203},
	Title = {What do "CS1" and "CS2" mean? Investigating differences in the early courses},
	Year = {2010},
	Bdsk-Url-1 = {https://doi.org/10.1145/1734263.1734335}}

@misc{acm,
	Author = {ACM-IEEE},
	Date-Modified = {2019-04-02 12:33:58 +0100},
	Howpublished = {\url{https://www.acm.org/binaries/content/assets/education/cs2013_web_final.pdf}},
	Note = {Accessed: 2019-04-02},
	Title = {Computer Science Curricula 2013},
	Year = {2013}}

@article{Koulouri2014,
	Acmid = {2662412},
	Address = {New York, NY, USA},
	Articleno = {26},
	Author = {Koulouri, Theodora and Lauria, Stanislao and Macredie, Robert D.},
	Doi = {10.1145/2662412},
	Issn = {1946-6226},
	Issue_Date = {February 2015},
	Journal = {Trans. Comput. Educ.},
	Keywords = {CS1, Empirical studies, formative feedback, learning programming, novice programmers, problem solving, programming languages, teaching strategies},
	Month = dec,
	Number = {4},
	Numpages = {28},
	Pages = {26:1--26:28},
	Publisher = {ACM},
	Title = {Teaching Introductory Programming: A Quantitative Evaluation of Different Approaches},
	Url = {http://doi.acm.org/10.1145/2662412},
	Volume = {14},
	Year = {2014},
	Bdsk-Url-1 = {http://doi.acm.org/10.1145/2662412},
	Bdsk-Url-2 = {https://doi.org/10.1145/2662412}}

@article{Robins2003,
	Address = {[Lisse, the Netherlands] :},
	Author = {Robins, Anthony and Rountree, Janet and Rountree, Nathan},
	Issn = {0899-3408},
	Journal = {Computer science education.},
	Number = {2},
	Pages = {137--172},
	Publisher = {Swets & Zeitlinger Pub},
	Title = {Learning and Teaching Programming: A Review and Discussion},
	Volume = {13},
	Year = {2003}}

@inproceedings{Lee2015,
	Acmid = {2787709},
	Address = {New York, NY, USA},
	Author = {Lee, Michael J. and Ko, Andrew J.},
	Booktitle = {Proceedings of the Eleventh Annual International Conference on International Computing Education Research},
	Doi = {10.1145/2787622.2787709},
	Isbn = {978-1-4503-3630-7},
	Keywords = {codecademy, computing education, debugging, educational game, gidget, learning outcomes, programming},
	Location = {Omaha, Nebraska, USA},
	Numpages = {10},
	Pages = {237--246},
	Publisher = {ACM},
	Series = {ICER '15},
	Title = {Comparing the Effectiveness of Online Learning Approaches on CS1 Learning Outcomes},
	Url = {http://doi.acm.org/10.1145/2787622.2787709},
	Year = {2015},
	Bdsk-Url-1 = {http://doi.acm.org/10.1145/2787622.2787709},
	Bdsk-Url-2 = {https://doi.org/10.1145/2787622.2787709}}

@article{Zhang2004,
	Acmid = {986216},
	Address = {New York, NY, USA},
	Author = {Zhang, Dongsong and Zhao, J. Leon and Zhou, Lina and Nunamaker,Jr., Jay F.},
	Doi = {10.1145/986213.986216},
	Issn = {0001-0782},
	Issue_Date = {May 2004},
	Journal = {Commun. ACM},
	Month = may,
	Number = {5},
	Numpages = {5},
	Pages = {75--79},
	Publisher = {ACM},
	Title = {Can e-Learning Replace Classroom Learning?},
	Url = {http://doi.acm.org/10.1145/986213.986216},
	Volume = {47},
	Year = {2004},
	Bdsk-Url-1 = {http://doi.acm.org/10.1145/986213.986216},
	Bdsk-Url-2 = {https://doi.org/10.1145/986213.986216}}

@article{Concannon2005,
	Author = {Concannon, Fiona and Flynn, Antoinette and Campbell, Mark},
	Doi = {10.1111/j.1467-8535.2005.00482.x},
	Eprint = {https://onlinelibrary.wiley.com/doi/pdf/10.1111/j.1467-8535.2005.00482.x},
	Journal = {British Journal of Educational Technology},
	Number = {3},
	Pages = {501-512},
	Title = {What campus-based students think about the quality and benefits of e-learning},
	Url = {https://onlinelibrary.wiley.com/doi/abs/10.1111/j.1467-8535.2005.00482.x},
	Volume = {36},
	Year = {2005},
	Bdsk-Url-1 = {https://onlinelibrary.wiley.com/doi/abs/10.1111/j.1467-8535.2005.00482.x},
	Bdsk-Url-2 = {https://doi.org/10.1111/j.1467-8535.2005.00482.x}}

@article{Gunasekaran2002,
	Address = {Bradford, England :},
	Author = {Gunasekaran, A and McNeil, Ronald D and Shaul, Dennis},
	Issn = {0019-7858},
	Journal = {Industrial and commercial training.},
	Number = {2},
	Pages = {44--53},
	Publisher = {MCB University Press},
	Title = {E‐learning: research and applications},
	Volume = {34},
	Year = {2002}}

@article{agal2010,
	Author = {Agal, Sanjay and Devija, Pooja and Dave, Prof Dr Krishna},
	Journal = {AISHWARYA RESEARCH COMMUNICATION},
	Month = {10},
	Pages = {173-178},
	Title = {Can E-learning replace the traditional classroom? A case study at a Private college in Udaipur},
	Volume = {Vol 2},
	Year = {2010}}

@inbook{sherry2006,
	author = {Sherry, John and Greenberg, Bradley and Lucas, Kristen and Lachlan, Kenneth},
	year = {2006},
	month = {01},
	pages = {213-224},
	title = {Video game uses and gratifications as predictors of use and game preference},
	volume = {8},
	journal = {International Journal of Sports Marketing and Sponsorship}
}

@article{ritterfeld2006,
	author = {Ritterfeld, Ute and Weber, R},
	year = {2006},
	month = {01},
	pages = {399-413},
	title = {Video Games for Entertainment and Education},
	journal = {Playing Video Games: Motives, Responses, and Consequences}
}

@article{Granic2014,
	issn = {0003-066X},
	journal = {American psychologist.},
	pages = {66--78},
	volume = {69},
	publisher = {American Psychological Association},
	number = {1},
	year = {2014},
	title = {The benefits of playing video games.},
	address = {[Washington, D.C.] :},
	author = {Granic, Isabela and Lobel, Adam and Engels, Rutger C M E},
}

@article{Ferguson2007,
	author="Ferguson, Christopher John",
	title="The Good, The Bad and the Ugly: A Meta-analytic Review of Positive and Negative Effects of Violent Video Games",
	journal="Psychiatric Quarterly",
	year="2007",
	month="Dec",
	day="01",
	volume="78",
	number="4",
	pages="309--316",
	issn="1573-6709",
	doi="10.1007/s11126-007-9056-9",
	url="https://doi.org/10.1007/s11126-007-9056-9"
}

@article{Rosser2007,
    author = {Rosser, James C., Jr and Lynch, Paul J. and Cuddihy, Laurie and Gentile, Douglas A. and Klonsky, Jonathan and Merrell, Ronald},
    title = "{The Impact of Video Games on Training Surgeons in the 21st Century}",
    journal = {Archives of Surgery},
    volume = {142},
    number = {2},
    pages = {181-186},
    year = {2007},
    month = {02},
    issn = {0004-0010},
    doi = {10.1001/archsurg.142.2.181},
    url = {https://doi.org/10.1001/archsurg.142.2.181},
    eprint = {https://jamanetwork.com/journals/jamasurgery/articlepdf/399740/soa50188\_181\_186.pdf},
}

@article{Leonard2009,
	title = "Investigating the impact of video games on high school students’ engagement and learning about genetics",
	journal = "Computers \& Education",
	volume = "53",
	number = "1",
	pages = "74 - 85",
	year = "2009",
	issn = "0360-1315",
	doi = "https://doi.org/10.1016/j.compedu.2008.12.020",
	url = "http://www.sciencedirect.com/science/article/pii/S0360131509000049",
	author = "Leonard A. Annetta and James Minogue and Shawn Y. Holmes and Meng-Tzu Cheng",
	keywords = "Applications in subject areas, Interactive learning environments, Pedagogical issues, Secondary education, Virtual reality",
}

@article{Ryan2006,
	author="Ryan, Richard M.
	and Rigby, C. Scott
	and Przybylski, Andrew",
	title="The Motivational Pull of Video Games: A Self-Determination Theory Approach",
	journal="Motivation and Emotion",
	year="2006",
	month="Dec",
	day="01",
	volume="30",
	number="4",
	pages="344--360",
	issn="1573-6644",
	doi="10.1007/s11031-006-9051-8",
	url="https://doi.org/10.1007/s11031-006-9051-8"
}

@Inbook{Jean,
	author="Djaouti, Damien
	and Alvarez, Julian
	and Jessel, Jean-Pierre
	and Rampnoux, Olivier",
	editor="Ma, Minhua
	and Oikonomou, Andreas
	and Jain, Lakhmi C.",
	title="Origins of Serious Games",
	bookTitle="Serious Games and Edutainment Applications",
	year="2011",
	publisher="Springer London",
	address="London",
	pages="25--43",
	doi="10.1007/978-1-4471-2161-9_3",
	url="https://doi.org/10.1007/978-1-4471-2161-9_3"
}

@article{Boyle2011,
	title = "The role of psychology in understanding the impact of computer games",
	journal = "Entertainment Computing",
	volume = "2",
	number = "2",
	pages = "69 - 74",
	year = "2011",
	note = "Serious Games Development and Applications",
	issn = "1875-9521",
	doi = "https://doi.org/10.1016/j.entcom.2010.12.002",
	url = "http://www.sciencedirect.com/science/article/pii/S1875952110000200",
	author = "Elizabeth Boyle and Thomas M. Connolly and Thomas Hainey",
	keywords = "Computer games, Psychology, Engagement, Serious games, Learning",
}

@article{Vygotsky1967,
	author = {L. S. Vygotsky},
	title = {Play and Its Role in the Mental Development of the Child},
	journal = {Soviet Psychology},
	volume = {5},
	number = {3},
	pages = {6-18},
	year  = {1967},
	publisher = {Routledge},
	doi = {10.2753/RPO1061-040505036},
	URL = {https://doi.org/10.2753/RPO1061-040505036},
	eprint = {https://doi.org/10.2753/RPO1061-040505036}
}

@book{Vygotsky,
	Author = {Vygotsky, L. S.},
	Isbn = {0674576292},
	Publisher = {Cambridge, Mass.: Harvard University Press},
	Title = {Mind in society: The development of higher psychological processes},
	Year = {1978}
}

@article{Malone1987,
	author="Malone, Thomas and Lepper, Mark",
	title="Making learning fun : a taxonomic model of intrinsic motivations for learning",
	journal="Conative and Affective Process Analysis",
	ISSN="",
	publisher="Erlbaum",
	year="1987",
	month="01",
	volume="3",
	number="",
	pages="",
	DOI="",
}

@article{Connolly2012,
	title = "A systematic literature review of empirical evidence on computer games and serious games",
	journal = "Computers \& Education",
	volume = "59",
	number = "2",
	pages = "661 - 686",
	year = "2012",
	issn = "0360-1315",
	doi = "https://doi.org/10.1016/j.compedu.2012.03.004",
	url = "http://www.sciencedirect.com/science/article/pii/S0360131512000619",
	author = "Thomas M. Connolly and Elizabeth A. Boyle and Ewan MacArthur and Thomas Hainey and James M. Boyle",
	keywords = "Computer games, Serious games, Learning, Skill enhancement, Engagement",
}

@inproceedings{Stevenson2006,
	author = {Stevenson, Daniel E. and Wagner, Paul J.},
	title = {Developing Real-world Programming Assignments for CS1},
	booktitle = {Proceedings of the 11th Annual SIGCSE Conference on Innovation and Technology in Computer Science Education},
	series = {ITICSE '06},
	year = {2006},
	isbn = {1-59593-055-8},
	location = {Bologna, Italy},
	pages = {158--162},
	numpages = {5},
	url = {http://doi.acm.org/10.1145/1140124.1140167},
	doi = {10.1145/1140124.1140167},
	acmid = {1140167},
	publisher = {ACM},
	address = {New York, NY, USA},
	keywords = {CS1, programming assignments},
} 


@Inbook{Botturi2009,
	author="Botturi, Luca
	and Loh, Christian Sebastian",
	editor="Miller, Christopher Thomas",
	title="Once Upon a Game",
	bookTitle="Games: Purpose and Potential in Education",
	year="2009",
	publisher="Springer US",
	address="Boston, MA",
	pages="1--22",
	isbn="978-0-387-09775-6",
	doi="10.1007/978-0-387-09775-6_1",
	url="https://doi.org/10.1007/978-0-387-09775-6_1"
}

@article{Gee2003,
	author = {Gee, James Paul},
	title = {What Video Games Have to Teach Us About Learning and Literacy},
	journal = {Comput. Entertain.},
	issue_date = {October 2003},
	volume = {1},
	number = {1},
	month = oct,
	year = {2003},
	issn = {1544-3574},
	pages = {20--20},
	numpages = {1},
	url = {http://doi.acm.org/10.1145/950566.950595},
	doi = {10.1145/950566.950595},
	acmid = {950595},
	publisher = {ACM},
	address = {New York, NY, USA},
	keywords = {education, games, learning, literacy},
} 


@article{Bisson1996,
	author = {Christian Bisson and John Luckner},
	title ={Fun in Learning: The Pedagogical Role of Fun in Adventure Education},
	journal = {Journal of Experiential Education},
	volume = {19},
	number = {2},
	pages = {108-112},
	year = {1996},
	doi = {10.1177/105382599601900208},
	URL = {https://doi.org/10.1177/105382599601900208},
	eprint = {https://doi.org/10.1177/105382599601900208}
}


@article{Cordova1996,
	issn = {0022-0663},
	journal = {Journal of educational psychology.},
	pages = {715--730},
	volume = {88},
	publisher = {American Psychological Association},
	number = {4},
	year = {1996},
	title = {Intrinsic motivation and the process of learning: Beneficial effects of contextualization, personalization, and choice.},
	address = {Washington, D.C. :},
	author = {Cordova, Diana I and Lepper, Mark R},
}

@article{Gee2008,
	title={Learning and games},
	author={Gee, James Paul},
	journal={The ecology of games: Connecting youth, games, and learning},
	volume={3},
	pages={21--40},
	year={2008}
}

@article{Filsecker2014,
	title = "A multilevel analysis of the effects of external rewards on elementary students' motivation, engagement and learning in an educational game",
	journal = "Computers \& Education",
	volume = "75",
	pages = "136 - 148",
	year = "2014",
	issn = "0360-1315",
	doi = "https://doi.org/10.1016/j.compedu.2014.02.008",
	url = "http://www.sciencedirect.com/science/article/pii/S0360131514000426",
	author = "Michael Filsecker and Daniel Thomas Hickey",
	keywords = "Educational games, External rewards, Digital badges, Gamification, Motivation, Engagement",
}

@article{Braghirolli2016,
	title = "Benefits of educational games as an introductory activity in industrial engineering education",
	journal = "Computers in Human Behavior",
	volume = "58",
	pages = "315 - 324",
	year = "2016",
	issn = "0747-5632",
	doi = "https://doi.org/10.1016/j.chb.2015.12.063",
	url = "http://www.sciencedirect.com/science/article/pii/S0747563215303344",
	author = "Lynceo Falavigna Braghirolli and JosÃ© Luis Duarte Ribeiro and Andreas Dittmar Weise and Morgana Pizzolato",
	keywords = "Educational game, Introductory activity, Motivation, Freshmen, Undergraduate",
}

@article{Breuer2010,
	title={Why so serious? On the relation of serious games and learning},
	author={Breuer, Johannes and Bente, Gary},
	journal={Journal for Computer Game Culture},
	volume={4},
	pages={7--24},
	year={2010}
}

@article{feurzeig1969,
	title={Programming-Languages as a Conceptual Framework for Teaching Mathematics. Final Report on the First Fifteen Months of the LOGO Project.},
	author={Feurzeig, Wallace and others},
	year={1969},
	publisher={ERIC}
}

@article{hayes2008,
	title={Making computer games and design thinking: A review of current software and strategies},
	author={Hayes, Elisabeth R and Games, Ivan Alex},
	journal={Games and Culture},
	volume={3},
	number={3-4},
	pages={309--332},
	year={2008},
	publisher={Sage Publications Sage CA: Los Angeles, CA}
}

@article{lehrer1986,
	title={Logo as a strategy for developing thinking?},
	author={Lehrer, Richard},
	journal={Educational Psychologist},
	volume={21},
	number={1-2},
	pages={121--137},
	year={1986},
	publisher={Taylor \& Francis}
}

@incollection{ratan2009,
	title={Classifying serious games},
	author={Ratan, R Abindra and Ritterfeld, Ute},
	booktitle={Serious games},
	pages={32--46},
	year={2009},
	publisher={Routledge}
}

@article{arkorful2015,
	title={The role of e-learning, advantages and disadvantages of its adoption in higher education},
	author={Arkorful, Valentina and Abaidoo, Nelly},
	journal={International Journal of Instructional Technology and Distance Learning},
	volume={12},
	number={1},
	pages={29--42},
	year={2015}
}

@article{sangra2012,
	title={Building an inclusive definition of e-learning: An approach to the conceptual framework},
	author={Sangr{\`a}, Albert and Vlachopoulos, Dimitrios and Cabrera, Nati},
	journal={The International Review of Research in Open and Distributed Learning},
	volume={13},
	number={2},
	pages={145--159},
	year={2012}
}

@article{prensky2003,
	title={Digital game-based learning},
	author={Prensky, Marc},
	journal={Computers in Entertainment (CIE)},
	volume={1},
	number={1},
	pages={21--21},
	year={2003},
	publisher={ACM}
}

@misc{vygotsky1978,
	title={Mind in society (M. Cole, V. John-Steiner, S. Scribner, \& E. Souberman, Eds.)},
	author={Vygotsky, Lev S},
	year={1978},
	publisher={Cambridge, MA: Harvard University Press}
}

@article{resnick2009,
	title={Scratch: Programming for all.},
	author={Resnick, Mitchel and Maloney, John and Monroy-Hern{\'a}ndez, Andr{\'e}s and Rusk, Natalie and Eastmond, Evelyn and Brennan, Karen and Millner, Amon and Rosenbaum, Eric and Silver, Jay S and Silverman, Brian and others},
	journal={Commun. Acm},
	volume={52},
	number={11},
	pages={60--67},
	year={2009}
}

@article{malan2007,
	title={Scratch for budding computer scientists},
	author={Malan, David J and Leitner, Henry H},
	journal={ACM Sigcse Bulletin},
	volume={39},
	number={1},
	pages={223--227},
	year={2007},
	publisher={ACM}
}

@misc{scratchstats,
	Author = {Scratch Statistics},
	Howpublished = {\url{https://scratch.mit.edu/statistics/}},
	Note = {Accessed: 2019-04-16},
	Year = {2019}
}

@misc{progplaywebsite,
	Author = {Prog\&Play},
	Howpublished = {\url{http://progandplay.lip6.fr/index_en.php}},
	Note = {Accessed: 2019-04-17},
	Year = {2012}
}

@inproceedings{muratet2011,
	title={Experimental feedback on Prog\&Play: a serious game for programming practice},
	author={Muratet, Mathieu and Torguet, Patrice and Viallet, Fabienne and Jessel, Jean-Pierre},
	booktitle={Computer Graphics Forum},
	volume={30},
	number={1},
	pages={61--73},
	year={2011},
	organization={Wiley Online Library}
}

@inproceedings{lee2011,
	title={Personifying programming tool feedback improves novice programmers' learning},
	author={Lee, Michael J and Ko, Andrew J},
	booktitle={Proceedings of the seventh international workshop on Computing education research},
	pages={109--116},
	year={2011},
	organization={ACM}
}